@online{ibm-quantum,
 author = {{IBM}},
 title = {Quantum Computing},
 url = {https://www.ibm.com/quantum-computing/},
 urldate = {2019-09-11},
 year = {2019},
}

@online{google-quantum,
 author = {{Google AI}},
 title = {Quantum},
 url = {https://ai.google/research/teams/applied-science/quantum/},
 urldate = {2019-09-11},
 year = {2019},
}

@online{intel-quantum,
 author = {Intel},
 title = {Quantum Computing},
 url = {https://www.intel.com/content/www/us/en/research/quantum-computing.html},
 urldate = {2019-09-11},
 year = {2019},
}

@online{microsoft-quantum,
 author = {Microsoft},
 title = {Quantum Computing},
 url = {https://www.microsoft.com/en-us/quantum/},
 urldate = {2019-09-11},
 year = {2019},
}

@article{usa-quantum,
 author = {Raymer, Michael G and Monroe, Christopher},
 doi = {10.1088/2058-9565/ab0441},
 url = {https://doi.org/10.1088/2058-9565/ab0441},
 year = {2019},
 publisher = {IOP Publishing},
 volume = {4},
 number = {2},
 pages = {020504},
 title = {The {US} National Quantum Initiative},
 journal = {Quantum Sci. Technol.},
 source = {Crossref},
 issn = {2058-9565},
 month = feb,
}

@inproceedings{china-quantum,
 author = {Kania, Elsa B. and Costello, John K.},
 title = {Quantum technologies, {U.S.}-{China} strategic competition, and future dynamics of cyber stability},
 url = {https://doi.org/10.1109/cyconus.2017.8167502},
 urldate = {2019-09-16},
 year = {2017},
 doi = {10.1109/cyconus.2017.8167502},
 source = {Crossref},
 booktitle = {2017 {International} {Conference} on {Cyber Conflict} ({CyCon U.S.})},
 publisher = {IEEE},
 isbn = {9781538623794},
 month = nov,
}

@article{preskill-qc,
 author = {Preskill, John},
 title = {Quantum computing and the entanglement frontier},
 eprinttype = {arxiv},
 eprint = {1203.5813},
 eprintclass = {quant-ph},
 year = {2012},
}

@article{feynman-simulating,
 author = {Feynman, Richard P.},
 title = {Simulating physics with computers},
 journal = {Int J Theor Phys},
 volume = {21},
 number = {6-7},
 pages = {467-488},
 year = {1982},
 publisher = {Springer Science and Business Media LLC},
 doi = {10.1007/bf02650179},
 source = {Crossref},
 url = {https://doi.org/10.1007/bf02650179},
 issn = {0020-7748, 1572-9575},
 month = jun,
}

@article{shor-factoring,
 author = {Shor, Peter W.},
 title = {Polynomial-Time Algorithms for Prime Factorization and Discrete Logarithms on a Quantum Computer},
 journal = {SIAM Rev.},
 volume = {41},
 number = {2},
 pages = {303-332},
 year = {1999},
 publisher = {Society for Industrial \& Applied Mathematics (SIAM)},
 doi = {10.1137/s0036144598347011},
 source = {Crossref},
 url = {https://doi.org/10.1137/s0036144598347011},
 issn = {0036-1445, 1095-7200},
 month = jan,
}

@article{grover-search,
 author = {Grover, Lov K},
 title = {A fast quantum mechanical algorithm for database search},
 eprinttype = {arxiv},
 eprint = {quant-ph/9605043},
 year = {1996},
}

@book{nielsen-chuang,
 author = {Nielsen, Michael A. and Chuang, Isaac L.},
 title = {Quantum Computation and Quantum Information},
 year = {2009},
 isbn = {9780511976667},
 edition = {10th},
 publisher = {Cambridge University Press},
 address = {New York, NY, USA},
 doi = {10.1017/cbo9780511976667},
 source = {Crossref},
 url = {https://doi.org/10.1017/cbo9780511976667},
 subtitle = {10th Anniversary Edition},
}

@inbook{scott-aaronson-qc,
 author = {Aaronson, Scott},
 title = {Quantum Computing Promises New Insights, Not Just Supermachines},
 year = {2011},
 url = {https://doi.org/10.1017/cbo9780511979309.010},
 urldate = {2019-09-18},
 doi = {10.1017/cbo9780511979309.010},
 pages = {109-131},
 source = {Crossref},
 booktitle = {Quantum {Computing} since {Democritus}},
 publisher = {Cambridge University Press},
 chapter = {Quantum},
 isbn = {9780511979309},
}

@misc{shor-20mil,
 author = {Gidney, Craig and Eker{\aa}, Martin},
 title = {How to factor 2048 bit {RSA} integers in 8 hours using 20 million noisy qubits},
 eprinttype = {arxiv},
 eprint = {1905.09749},
 eprintclass = {quant-ph},
 year = {2019},
}

@article{shor-21,
 author = {Martín-López, Enrique and Laing, Anthony and Lawson, Thomas and Alvarez, Roberto and Zhou, Xiao-Qi and O'Brien, Jeremy L.},
 title = {Experimental realization of {Shor's} quantum factoring algorithm using qubit recycling},
 journal = {Nature Photon},
 volume = {6},
 number = {11},
 pages = {773-776},
 year = {2012},
 publisher = {Springer Science and Business Media LLC},
 doi = {10.1038/nphoton.2012.259},
 source = {Crossref},
 url = {https://doi.org/10.1038/nphoton.2012.259},
 issn = {1749-4885, 1749-4893},
 month = oct,
}

@article{preskill-nisq,
 author = {Preskill, John},
 doi = {10.22331/q-2018-08-06-79},
 url = {https://doi.org/10.22331/q-2018-08-06-79},
 title = {Quantum Computing in the {NISQ} era and beyond},
 journal = {Quantum},
 issn = {2521-327X},
 publisher = {Verein zur Forderung des Open Access Publizierens in den Quantenwissenschaften},
 volume = {2},
 pages = {79},
 month = aug,
 year = {2018},
 source = {Crossref},
}

@online{qaoa,
 author = {Farhi, Edward and Goldstone, Jeffrey and Gutmann, Sam},
 title = {A quantum approximate optimization algorithm},
 eprinttype = {arxiv},
 eprint = {1411.4028},
 eprintclass = {quant-ph},
 year = {2014},
}

@article{vqe,
 author = {Peruzzo, Alberto and McClean, Jarrod and Shadbolt, Peter and Yung, Man-Hong and Zhou, Xiao-Qi and Love, Peter J. and Aspuru-Guzik, Alán and O’Brien, Jeremy L.},
 title = {A variational eigenvalue solver on a photonic quantum processor},
 journal = {Nat Commun},
 volume = {5},
 pages = {4213},
 year = {2014},
 publisher = {Springer Science and Business Media LLC},
 doi = {10.1038/ncomms5213},
 number = {1},
 source = {Crossref},
 url = {https://doi.org/10.1038/ncomms5213},
 issn = {2041-1723},
 month = jul,
}

@article{dwave-2000,
 author = {Gibney, Elizabeth},
 title = {{D-Wave} upgrade: {How} scientists are using the world's most controversial quantum computer},
 journal = {Nature},
 volume = {541},
 number = {7638},
 pages = {447-448},
 year = {2017},
 doi = {10.1038/541447b},
 source = {Crossref},
 url = {https://doi.org/10.1038/541447b},
 publisher = {Springer Science and Business Media LLC},
 issn = {0028-0836, 1476-4687},
 month = jan,
}

@online{how-quantum-dwave,
 author = {Shin, Seung Woo and Smith, Graeme and Smolin, John A and Vazirani, Umesh},
 title = {How ``quantum" is the {D-Wave} machine?},
 eprinttype = {arxiv},
 eprint = {1401.7087},
 eprintclass = {quant-ph},
 year = {2014},
}

@online{aaronson-dwave,
 author = {Aaronson, Scott},
 title = {{D-Wave}: {Truth} finally starts to emerge},
 year = {2013},
 url = {https://www.scottaaronson.com/blog/?p=1400},
 urldate = {2019-09-19},
}

@article{detecting-quantum-speedup,
 author = {Ronnow, T. F. and Wang, Z. and Job, J. and Boixo, S. and Isakov, S. V. and Wecker, D. and Martinis, J. M. and Lidar, D. A. and Troyer, M.},
 title = {Defining and detecting quantum speedup},
 journal = {Science},
 volume = {345},
 number = {6195},
 pages = {420-424},
 year = {2014},
 publisher = {American Association for the Advancement of Science (AAAS)},
 doi = {10.1126/science.1252319},
 source = {Crossref},
 url = {https://doi.org/10.1126/science.1252319},
 issn = {0036-8075, 1095-9203},
 month = jun,
}

@online{qnn-near-term,
 author = {Farhi, Edward and Neven, Hartmut},
 title = {Classification with quantum neural networks on near term processors},
 eprinttype = {arxiv},
 eprint = {1802.06002},
 eprintclass = {quant-ph},
 year = {2018},
}

@article{mnist-digits,
 author = {LeCun, Yann and Cortes, Corinna},
 added-at = {2010-06-28T21:16:30.000+0200},
 biburl = {https://www.bibsonomy.org/bibtex/2935bad99fa1f65e03c25b315aa3c1032/mhwombat},
 groups = {public},
 howpublished = {http://yann.lecun.com/exdb/mnist/},
 interhash = {21b9d0558bd66279df9452562df6e6f3},
 intrahash = {935bad99fa1f65e03c25b315aa3c1032},
 keywords = {MSc \_checked character\_recognition mnist network neural},
 lastchecked = {2016-01-14 14:24:11},
 timestamp = {2016-07-12T19:25:30.000+0200},
 title = {{MNIST} handwritten digit database},
 url = {http://yann.lecun.com/exdb/mnist/},
 username = {mhwombat},
 year = {2010},
}

@article{qram,
 author = {Giovannetti, Vittorio and Lloyd, Seth and Maccone, Lorenzo},
 title = {Quantum Random Access Memory},
 journal = {Phys. Rev. Lett.},
 volume = {100},
 number = {16},
 pages = {160501},
 year = {2008},
 publisher = {American Physical Society (APS)},
 doi = {10.1103/physrevlett.100.160501},
 source = {Crossref},
 url = {https://doi.org/10.1103/physrevlett.100.160501},
 issn = {0031-9007, 1079-7114},
 month = apr,
}

@inproceedings{cirecsan2012multi,
 author = {Ciresan, D. and Meier, U. and Schmidhuber, J.},
 title = {Multi-column deep neural networks for image classification},
 eprinttype = {arxiv},
 eprint = {1202.2745},
 eprintclass = {cs},
 year = {2012},
 doi = {10.1109/cvpr.2012.6248110},
 source = {Crossref},
 url = {https://doi.org/10.1109/cvpr.2012.6248110},
 booktitle = {2012 {IEEE} Conference on Computer Vision and Pattern Recognition},
 publisher = {IEEE},
 isbn = {9781467312288},
 month = jun,
}

@article{aaronson2015read,
 author = {Aaronson, Scott},
 title = {Read the fine print},
 journal = {Nature Phys},
 volume = {11},
 number = {4},
 pages = {291-293},
 year = {2015},
 publisher = {Springer Science and Business Media LLC},
 doi = {10.1038/nphys3272},
 source = {Crossref},
 url = {https://doi.org/10.1038/nphys3272},
 issn = {1745-2473, 1745-2481},
 month = apr,
}

@online{perez2019data,
 author = {P{\'e}rez-Salinas, Adri{\'a}n and Cervera-Lierta, Alba and Gil-Fuster, Elies and Latorre, Jos{\'e} I},
 title = {Data re-uploading for a universal quantum classifier},
 eprinttype = {arxiv},
 eprint = {1907.02085},
 eprintclass = {quant-ph},
 year = {2019},
}

@article{csaji2001approximation,
 author = {Cs{\'a}ji, Bal{\'a}zs Csan{\'a}d},
 title = {Approximation with artificial neural networks},
 journal = {Faculty of Sciences, Etvs Lornd University, Hungary},
 volume = {24},
 pages = {48},
 year = {2001},
 publisher = {Citeseer},
}

@article{harrow2009quantum,
 author = {Harrow, Aram W. and Hassidim, Avinatan and Lloyd, Seth},
 title = {Quantum Algorithm for Linear Systems of Equations},
 journal = {Phys. Rev. Lett.},
 volume = {103},
 number = {15},
 pages = {150502},
 year = {2009},
 publisher = {American Physical Society (APS)},
 doi = {10.1103/physrevlett.103.150502},
 source = {Crossref},
 url = {https://doi.org/10.1103/physrevlett.103.150502},
 issn = {0031-9007, 1079-7114},
 month = oct,
}

@online{lloyd2013quantum,
 author = {Lloyd, Seth and Mohseni, Masoud and Rebentrost, Patrick},
 title = {Quantum algorithms for supervised and unsupervised machine learning},
 eprinttype = {arxiv},
 eprint = {1307.0411},
 eprintclass = {quant-ph},
 year = {2013},
}

@article{rebentrost2014quantum,
 author = {Rebentrost, Patrick and Mohseni, Masoud and Lloyd, Seth},
 title = {Quantum Support Vector Machine for Big Data Classification},
 journal = {Phys. Rev. Lett.},
 volume = {113},
 number = {13},
 pages = {130503},
 year = {2014},
 publisher = {American Physical Society (APS)},
 doi = {10.1103/physrevlett.113.130503},
 source = {Crossref},
 url = {https://doi.org/10.1103/physrevlett.113.130503},
 issn = {0031-9007, 1079-7114},
 month = sep,
}

@article{lee2019experimental,
 author = {Lee, Joong-Sung and Bang, Jeongho and Hong, Sunghyuk and Lee, Changhyoup and Seol, Kang Hee and Lee, Jinhyoung and Lee, Kwang-Geol},
 title = {Experimental demonstration of quantum learning speedup with classical input data},
 journal = {Phys. Rev. A},
 volume = {99},
 number = {1},
 pages = {012313},
 year = {2019},
 publisher = {American Physical Society (APS)},
 doi = {10.1103/physreva.99.012313},
 source = {Crossref},
 url = {https://doi.org/10.1103/physreva.99.012313},
 issn = {2469-9926, 2469-9934},
 month = jan,
}

@article{gao2018quantum,
 author = {Gao, X. and Zhang, Z.-Y. and Duan, L.-M.},
 title = {A quantum machine learning algorithm based on generative models},
 volume = {4},
 number = {12},
 elocation-id = {eaat9004},
 year = {2018},
 doi = {10.1126/sciadv.aat9004},
 publisher = {American Association for the Advancement of Science (AAAS)},
 abstract = {Quantum computing and artificial intelligence, combined together, may revolutionize future technologies. A significant school of thought regarding artificial intelligence is based on generative models. Here, we propose a general quantum algorithm for machine learning based on a quantum generative model. We prove that our proposed model is more capable of representing probability distributions compared with classical generative models and has exponential speedup in learning and inference at least for some instances if a quantum computer cannot be efficiently simulated classically. Our result opens a new direction for quantum machine learning and offers a remarkable example where a quantum algorithm shows exponential improvement over classical algorithms in an important application field.},
 url = {https://doi.org/10.1126/sciadv.aat9004},
 eprint = {https://advances.sciencemag.org/content/4/12/eaat9004.full.pdf},
 journal = {Sci. Adv.},
 pages = {eaat9004},
 source = {Crossref},
 issn = {2375-2548},
 month = dec,
}

@article{mitarai2018quantum,
 author = {Mitarai, K. and Negoro, M. and Kitagawa, M. and Fujii, K.},
 title = {Quantum circuit learning},
 journal = {Phys. Rev. A},
 volume = {98},
 number = {3},
 pages = {032309},
 year = {2018},
 publisher = {American Physical Society (APS)},
 doi = {10.1103/physreva.98.032309},
 source = {Crossref},
 url = {https://doi.org/10.1103/physreva.98.032309},
 issn = {2469-9926, 2469-9934},
 month = sep,
}

@online{schuld2018circuit,
 author = {Schuld, Maria and Bocharov, Alex and Svore, Krysta and Wiebe, Nathan},
 title = {Circuit-centric quantum classifiers},
 eprinttype = {arxiv},
 eprint = {1804.00633},
 eprintclass = {quant-ph},
 year = {2018},
}

@online{romero2019variational,
 author = {Romero, Jonathan and Aspuru-Guzik, Alan},
 title = {Variational quantum generators: {Generative} adversarial quantum machine learning for continuous distributions},
 eprinttype = {arxiv},
 eprint = {1901.00848},
 eprintclass = {quant-ph},
 year = {2019},
}

@article{fanizza2019optimal,
 author = {Fanizza, Marco and Mari, Andrea and Giovannetti, Vittorio},
 title = {Optimal Universal Learning Machines for Quantum State Discrimination},
 journal = {IEEE Trans. Inform. Theory},
 year = {2019},
 publisher = {Institute of Electrical and Electronics Engineers (IEEE)},
 doi = {10.1109/tit.2019.2916646},
 number = {9},
 pages = {5931-5944},
 source = {Crossref},
 url = {https://doi.org/10.1109/tit.2019.2916646},
 volume = {65},
 issn = {0018-9448, 1557-9654},
 month = sep,
}

@article{benedetti2019adversarial,
 author = {Benedetti, Marcello and Grant, Edward and Wossnig, Leonard and Severini, Simone},
 title = {Adversarial quantum circuit learning for pure state approximation},
 journal = {New J. Phys.},
 volume = {21},
 number = {4},
 pages = {043023},
 year = {2019},
 publisher = {IOP Publishing},
 doi = {10.1088/1367-2630/ab14b5},
 source = {Crossref},
 url = {https://doi.org/10.1088/1367-2630/ab14b5},
 issn = {1367-2630},
 month = apr,
}

@article{havlivcek2019supervised,
 author = {Havlíček, Vojtěch and Córcoles, Antonio D. and Temme, Kristan and Harrow, Aram W. and Kandala, Abhinav and Chow, Jerry M. and Gambetta, Jay M.},
 title = {Supervised learning with quantum-enhanced feature spaces},
 journal = {Nature},
 volume = {567},
 number = {7747},
 pages = {209-212},
 year = {2019},
 publisher = {Springer Nature},
 doi = {10.1038/s41586-019-0980-2},
 source = {Crossref},
 url = {https://doi.org/10.1038/s41586-019-0980-2},
 issn = {0028-0836, 1476-4687},
 month = mar,
}

@article{schuld2019quantum,
 author = {Schuld, Maria and Killoran, Nathan},
 title = {Quantum Machine Learning in Feature {Hilbert} Spaces},
 journal = {Phys. Rev. Lett.},
 volume = {122},
 number = {4},
 pages = {040504},
 year = {2019},
 publisher = {American Physical Society (APS)},
 doi = {10.1103/physrevlett.122.040504},
 source = {Crossref},
 url = {https://doi.org/10.1103/physrevlett.122.040504},
 issn = {0031-9007, 1079-7114},
 month = feb,
}

@article{hilbert2011world,
 author = {Hilbert, M. and Lopez, P.},
 title = {The World's Technological Capacity to Store, Communicate, and Compute Information},
 journal = {Science},
 volume = {332},
 number = {6025},
 pages = {60-65},
 year = {2011},
 publisher = {American Association for the Advancement of Science (AAAS)},
 doi = {10.1126/science.1200970},
 source = {Crossref},
 url = {https://doi.org/10.1126/science.1200970},
 issn = {0036-8075, 1095-9203},
 month = feb,
}

@article{schuld2015introduction,
 author = {Schuld, Maria and Sinayskiy, Ilya and Petruccione, Francesco},
 title = {An introduction to quantum machine learning},
 journal = {Contemp. Phys.},
 volume = {56},
 number = {2},
 pages = {172-185},
 year = {2014},
 publisher = {Informa UK Limited},
 doi = {10.1080/00107514.2014.964942},
 source = {Crossref},
 url = {https://doi.org/10.1080/00107514.2014.964942},
 issn = {0010-7514, 1366-5812},
 month = oct,
}

@online{bergholm2018pennylane,
 author = {Bergholm, Ville and Izaac, Josh and Schuld, Maria and Gogolin, Christian and Killoran, Nathan},
 title = {{PennyLane}: {Automatic} differentiation of hybrid quantum-classical computations},
 eprinttype = {arxiv},
 eprint = {1811.04968},
 eprintclass = {quant-ph},
 year = {2018},
}

@inproceedings{goodfellow2014generative,
 author = {Goodfellow, Ian and Pouget-Abadie, Jean and Mirza, Mehdi and Xu, Bing and Warde-Farley, David and Ozair, Sherjil and Courville, Aaron and Bengio, Yoshua},
 title = {Generative adversarial nets},
 booktitle = {Advances in neural information processing systems},
 pages = {2672--2680},
 year = {2014},
}

@inproceedings{pradhan2004shallow,
 author = {Pradhan, Sameer S and Ward, Wayne H and Hacioglu, Kadri and Martin, James H and Jurafsky, Dan},
 title = {Shallow semantic parsing using support vector machines},
 booktitle = {Proceedings of the Human Language Technology Conference of the {North American} Chapter of the Association for Computational Linguistics: {HLT-NAACL} 2004},
 pages = {233--240},
 year = {2004},
}

@article{decoste2002training,
 author = {Decoste, Dennis and Schölkopf, Bernhard},
 title = {Training invariant support vector machines},
 journal = {Machine Learning},
 volume = {46},
 number = {1/3},
 pages = {161-190},
 year = {2002},
 publisher = {Springer Nature},
 doi = {10.1023/a:1012454411458},
 source = {Crossref},
 url = {https://doi.org/10.1023/a:1012454411458},
 issn = {0885-6125},
}

@inproceedings{ho2016generative,
 author = {Ho, Jonathan and Ermon, Stefano},
 title = {Generative adversarial imitation learning},
 booktitle = {Advances in neural information processing systems},
 pages = {4565--4573},
 year = {2016},
}

@book{griffiths2018introduction,
 author = {Griffiths, David J. and Schroeter, Darrell F.},
 title = {Introduction to Quantum Mechanics},
 year = {2018},
 publisher = {Cambridge University Press},
 doi = {10.1017/9781316995433},
 source = {Crossref},
 url = {https://doi.org/10.1017/9781316995433},
 isbn = {9781316995433, 9781107189638},
 month = aug,
}

@article{dirac1929quantum,
 author = {Dirac, P. A. M.},
 title = {Quantum Mechanics of Many-Electron Systems},
 journal = {Proceedings of the Royal Society A: Mathematical, Physical and Engineering Sciences},
 volume = {123},
 number = {792},
 pages = {714-733},
 year = {1929},
 publisher = {The Royal Society},
 doi = {10.1098/rspa.1929.0094},
 source = {Crossref},
 url = {https://doi.org/10.1098/rspa.1929.0094},
 issn = {1364-5021, 1471-2946},
 month = apr,
}

@online{mcardle2018quantum,
 author = {McArdle, Sam and Endo, Suguru and Aspuru-Guzik, Alan and Benjamin, Simon and Yuan, Xiao},
 title = {Quantum computational chemistry},
 eprinttype = {arxiv},
 eprint = {1808.10402},
 eprintclass = {quant-ph},
 year = {2018},
}

@article{lidar1999calculating,
 author = {Lidar, Daniel A. and Wang, Haobin},
 title = {Calculating the thermal rate constant with exponential speedup on a quantum computer},
 journal = {Phys. Rev. E},
 volume = {59},
 number = {2},
 pages = {2429-2438},
 year = {1999},
 publisher = {American Physical Society (APS)},
 doi = {10.1103/physreve.59.2429},
 source = {Crossref},
 url = {https://doi.org/10.1103/physreve.59.2429},
 issn = {1063-651X, 1095-3787},
 month = feb,
}

@article{kassal2008polynomial,
 author = {Kassal, I. and Jordan, S. P. and Love, P. J. and Mohseni, M. and Aspuru-Guzik, A.},
 title = {Polynomial-time quantum algorithm for the simulation of chemical dynamics},
 journal = {Proceedings of the National Academy of Sciences},
 volume = {105},
 number = {48},
 pages = {18681-18686},
 year = {2008},
 publisher = {Proceedings of the National Academy of Sciences},
 doi = {10.1073/pnas.0808245105},
 source = {Crossref},
 url = {https://doi.org/10.1073/pnas.0808245105},
 issn = {0027-8424, 1091-6490},
 month = nov,
}

@article{aspuru2005simulated,
 author = {Aspuru-Guzik, A.},
 title = {Simulated Quantum Computation of Molecular Energies},
 journal = {Science},
 volume = {309},
 number = {5741},
 pages = {1704-1707},
 year = {2005},
 publisher = {American Association for the Advancement of Science (AAAS)},
 doi = {10.1126/science.1113479},
 source = {Crossref},
 url = {https://doi.org/10.1126/science.1113479},
 issn = {0036-8075, 1095-9203},
 month = sep,
}

@article{mcclean2016theory,
 author = {McClean, Jarrod R and Romero, Jonathan and Babbush, Ryan and Aspuru-Guzik, Alán},
 title = {The theory of variational hybrid quantum-classical algorithms},
 journal = {New J. Phys.},
 volume = {18},
 number = {2},
 pages = {023023},
 year = {2016},
 publisher = {IOP Publishing},
 doi = {10.1088/1367-2630/18/2/023023},
 source = {Crossref},
 url = {https://doi.org/10.1088/1367-2630/18/2/023023},
 issn = {1367-2630},
 month = feb,
}

@techreport{page1999pagerank,
 author = {Page, Lawrence and Brin, Sergey and Motwani, Rajeev and Winograd, Terry},
 title = {The {PageRank} citation ranking: {Bringing} order to the web.},
 year = {1999},
 institution = {Stanford InfoLab},
}

@article{golub2000eigenvalue,
 author = {Golub, Gene H. and van der Vorst, Henk A.},
 title = {Eigenvalue computation in the 20th century},
 journal = {J. Comput. Appl. Math.},
 volume = {123},
 number = {1-2},
 pages = {35-65},
 year = {2000},
 publisher = {Elsevier BV},
 doi = {10.1016/s0377-0427(00)00413-1},
 source = {Crossref},
 url = {https://doi.org/10.1016/s0377-0427(00)00413-1},
 issn = {0377-0427},
 month = nov,
}

@misc{otterbach2017unsupervised,
 author = {{Otterbach}, J. S. and {Manenti}, R. and {Alidoust}, N. and {Bestwick}, A. and {Block}, M. and {Bloom}, B. and {Caldwell}, S. and {Didier}, N. and {Schuyler Fried}, E. and {Hong}, S. and {Karalekas}, P. and {Osborn}, C. B. and {Papageorge}, A. and {Peterson}, E. C. and {Prawiroatmodjo}, G. and {Rubin}, N. and {Ryan}, Colm A. and {Scarabelli}, D. and {Scheer}, M. and {Sete}, E. A. and {Sivarajah}, P. and {Smith}, Robert S. and {Staley}, A. and {Tezak}, N. and {Zeng}, W. J. and {Hudson}, A. and {Johnson}, Blake R. and {Reagor}, M. and {da Silva}, M. P. and {Rigetti}, C.},
 title = {Unsupervised Machine Learning on a Hybrid Quantum Computer},
 year = {2017},
 eprinttype = {arxiv},
 eprint = {1712.05771},
 eprintclass = {quant-ph},
}

@article{yoo2014quantum,
 author = {Yoo, Seokwon and Bang, Jeongho and Lee, Changhyoup and Lee, Jinhyoung},
 doi = {10.1088/1367-2630/16/10/103014},
 url = {https://doi.org/10.1088/1367-2630/16/10/103014},
 year = {2014},
 month = oct,
 publisher = {IOP Publishing},
 volume = {16},
 number = {10},
 pages = {103014},
 title = {A quantum speedup in machine learning: Finding an {N-bit} Boolean function for a classification},
 journal = {New J. Phys.},
 source = {Crossref},
 issn = {1367-2630},
}

@misc{ghobadi2019power,
	title={The Power of One Qubit in Machine Learning},
	author={Roohollah Ghobadi and Jaspreet S. Oberoi and Ehsan Zahedinejhad},
	year={2019},
	eprint={1905.01390},
	archivePrefix={arXiv},
	primaryClass={quant-ph}
}

@misc{stokes2019quantum,
	title={Quantum Natural Gradient},
	author={James Stokes and Josh Izaac and Nathan Killoran and Giuseppe Carleo},
	year={2019},
	eprint={1909.02108},
	archivePrefix={arXiv},
	primaryClass={quant-ph}
}

@misc{sweke2019stochastic,
	title={Stochastic gradient descent for hybrid quantum-classical optimization},
	author={Ryan Sweke and Frederik Wilde and Johannes Meyer and Maria Schuld and Paul K. Fährmann and Barthélémy Meynard-Piganeau and Jens Eisert},
	year={2019},
	eprint={1910.01155},
	archivePrefix={arXiv},
	primaryClass={quant-ph}
}

@article{mcclean2018barren,
	title={Barren plateaus in quantum neural network training landscapes},
	author={McClean, Jarrod R and Boixo, Sergio and Smelyanskiy, Vadim N and Babbush, Ryan and Neven, Hartmut},
	journal={Nature communications},
	volume={9},
	number={1},
	pages={4812},
	year={2018},
	publisher={Nature Publishing Group}
}

@article{biamonte2017quantum,
	title={Quantum machine learning},
	volume={549},
	ISSN={1476-4687},
	url={http://dx.doi.org/10.1038/nature23474},
	DOI={10.1038/nature23474},
	number={7671},
	journal={Nature},
	publisher={Springer Science and Business Media LLC},
	author={Biamonte, Jacob and Wittek, Peter and Pancotti, Nicola and Rebentrost, Patrick and Wiebe, Nathan and Lloyd, Seth},
	year={2017},
	month={Sep},
	pages={195–202}
}

@misc{verdon2017quantum,
	title={A quantum algorithm to train neural networks using low-depth circuits},
	author={Guillaume Verdon and Michael Broughton and Jacob Biamonte},
	year={2017},
	eprint={1712.05304},
	archivePrefix={arXiv},
	primaryClass={quant-ph}
}

@misc{anschuetz2019realizing,
	title={Realizing Quantum {Boltzmann} Machines Through Eigenstate Thermalization},
	author={Eric R. Anschuetz and Yudong Cao},
	year={2019},
	eprint={1903.01359},
	archivePrefix={arXiv},
	primaryClass={quant-ph}
}

@article{benedetti2019generative,
	title={A generative modeling approach for benchmarking and training shallow quantum circuits},
	volume={5},
	ISSN={2056-6387},
	url={http://dx.doi.org/10.1038/s41534-019-0157-8},
	DOI={10.1038/s41534-019-0157-8},
	number={1},
	journal={npj Quantum Information},
	publisher={Springer Science and Business Media LLC},
	author={Benedetti, Marcello and Garcia-Pintos, Delfina and Perdomo, Oscar and Leyton-Ortega, Vicente and Nam, Yunseong and Perdomo-Ortiz, Alejandro},
	year={2019},
	month={May}
}

@misc{guerreschi2017practical,
	title={Practical optimization for hybrid quantum-classical algorithms},
	author={Gian Giacomo Guerreschi and Mikhail Smelyanskiy},
	year={2017},
	eprint={1701.01450},
	archivePrefix={arXiv},
	primaryClass={quant-ph}
}

@article{grant2018hierarchical,
	title={Hierarchical quantum classifiers},
	author={Grant, Edward and Benedetti, Marcello and Cao, Shuxiang and Hallam, Andrew and Lockhart, Joshua and Stojevic, Vid and Green, Andrew G and Severini, Simone},
	journal={npj Quantum Information},
	volume={4},
	number={1},
	pages={65},
	year={2018},
	publisher={Nature Publishing Group}
}

@article{schuld2016prediction,
	title={Prediction by linear regression on a quantum computer},
	volume={94},
	ISSN={2469-9934},
	url={http://dx.doi.org/10.1103/PhysRevA.94.022342},
	DOI={10.1103/physreva.94.022342},
	number={2},
	journal={Physical Review A},
	publisher={American Physical Society (APS)},
	author={Schuld, Maria and Sinayskiy, Ilya and Petruccione, Francesco},
	year={2016},
	month={Aug}
}

@misc{yu2017improved,
	title={An improved quantum algorithm for ridge regression},
	author={Chao-Hua Yu and Fei Gao and Qiao-Yan Wen},
	year={2017},
	eprint={1707.09524},
	archivePrefix={arXiv},
	primaryClass={quant-ph}
}

@article{wang2017quantum,
	title={Quantum algorithm for linear regression},
	volume={96},
	ISSN={2469-9934},
	url={http://dx.doi.org/10.1103/PhysRevA.96.012335},
	DOI={10.1103/physreva.96.012335},
	number={1},
	journal={Physical Review A},
	publisher={American Physical Society (APS)},
	author={Wang, Guoming},
	year={2017},
	month={Jul}
}

@Article{arute2019quantum,
	author={Arute, Frank
	and Arya, Kunal
	and Babbush, Ryan
	and Bacon, Dave
	and Bardin, Joseph C.
	and Barends, Rami
	and Biswas, Rupak
	and Boixo, Sergio
	and Brandao, Fernando G. S. L.
	and Buell, David A.
	and Burkett, Brian
	and Chen, Yu
	and Chen, Zijun
	and Chiaro, Ben
	and Collins, Roberto
	and Courtney, William
	and Dunsworth, Andrew
	and Farhi, Edward
	and Foxen, Brooks
	and Fowler, Austin
	and Gidney, Craig
	and Giustina, Marissa
	and Graff, Rob
	and Guerin, Keith
	and Habegger, Steve
	and Harrigan, Matthew P.
	and Hartmann, Michael J.
	and Ho, Alan
	and Hoffmann, Markus
	and Huang, Trent
	and Humble, Travis S.
	and Isakov, Sergei V.
	and Jeffrey, Evan
	and Jiang, Zhang
	and Kafri, Dvir
	and Kechedzhi, Kostyantyn
	and Kelly, Julian
	and Klimov, Paul V.
	and Knysh, Sergey
	and Korotkov, Alexander
	and Kostritsa, Fedor
	and Landhuis, David
	and Lindmark, Mike
	and Lucero, Erik
	and Lyakh, Dmitry
	and Mandr{\`a}, Salvatore
	and McClean, Jarrod R.
	and McEwen, Matthew
	and Megrant, Anthony
	and Mi, Xiao
	and Michielsen, Kristel
	and Mohseni, Masoud
	and Mutus, Josh
	and Naaman, Ofer
	and Neeley, Matthew
	and Neill, Charles
	and Niu, Murphy Yuezhen
	and Ostby, Eric
	and Petukhov, Andre
	and Platt, John C.
	and Quintana, Chris
	and Rieffel, Eleanor G.
	and Roushan, Pedram
	and Rubin, Nicholas C.
	and Sank, Daniel
	and Satzinger, Kevin J.
	and Smelyanskiy, Vadim
	and Sung, Kevin J.
	and Trevithick, Matthew D.
	and Vainsencher, Amit
	and Villalonga, Benjamin
	and White, Theodore
	and Yao, Z. Jamie
	and Yeh, Ping
	and Zalcman, Adam
	and Neven, Hartmut
	and Martinis, John M.},
	title={Quantum supremacy using a programmable superconducting processor},
	journal={Nature},
	year={2019},
	volume={574},
	number={7779},
	pages={505-510},
	issn={1476-4687},
	doi={10.1038/s41586-019-1666-5},
	url={https://doi.org/10.1038/s41586-019-1666-5}
}

@misc{pednault2019leveraging,
	title={Leveraging Secondary Storage to Simulate Deep 54-qubit {Sycamore} Circuits},
	author={Edwin Pednault and John A. Gunnels and Giacomo Nannicini and Lior Horesh and Robert Wisnieff},
	year={2019},
	eprint={1910.09534},
	archivePrefix={arXiv},
	primaryClass={quant-ph}
}

@article{boixo2018characterizing,
	title={Characterizing quantum supremacy in near-term devices},
	volume={14},
	ISSN={1745-2481},
	url={http://dx.doi.org/10.1038/s41567-018-0124-x},
	DOI={10.1038/s41567-018-0124-x},
	number={6},
	journal={Nature Physics},
	publisher={Springer Nature},
	author={Boixo, Sergio and Isakov, Sergei V. and Smelyanskiy, Vadim N. and Babbush, Ryan and Ding, Nan and Jiang, Zhang and Bremner, Michael J. and Martinis, John M. and Neven, Hartmut},
	year={2018},
	month={Apr},
	pages={595–600}
}

@article{scikit-learn,
	title={Scikit-learn: Machine Learning in {Python}},
	author={Pedregosa, F. and Varoquaux, G. and Gramfort, A. and Michel, V.
	and Thirion, B. and Grisel, O. and Blondel, M. and Prettenhofer, P.
	and Weiss, R. and Dubourg, V. and Vanderplas, J. and Passos, A. and
	Cournapeau, D. and Brucher, M. and Perrot, M. and Duchesnay, E.},
	journal={Journal of Machine Learning Research},
	volume={12},
	pages={2825--2830},
	year={2011}
}

@online{surfsara,
	author = {{SURFsara}},
	title = {{SURFsara Systems}},
	url = {https://userinfo.surfsara.nl/systems/},
	urldate = {2019-10-28},
	year = {2019},
}

@online{aaronson2019supremacy,
	author = {Scott Aaronson},
	title = {Quantum supremacy: the gloves are off},
	url = {https://www.scottaaronson.com/blog/?p=4372},
	urldate = {2019-10-28},
	year = {2019},
}

@online{qulacs,
	author = {{Qulacs}},
	title = {Qulacs: Variational Quantum Circuit Simulator for Quantum Computation Research},
	url = {http://qulacs.org/},
	urldate = {2019-11-1},
	year = {2019},
}

@misc{vidal2019input,
	title={Input Redundancy for Parameterized Quantum Circuits},
	author={Javier Gil Vidal and Dirk Oliver Theis},
	year={2019},
	eprint={1901.11434},
	archivePrefix={arXiv},
	primaryClass={quant-ph}
}