@online{ibm-quantum,
	title = {Quantum Computing},
	author = {IBM},
	url = {https://www.ibm.com/quantum-computing/},
	urldate = {2019-09-11},
	year = {2019}
}

@online{google-quantum,
	title = {Quantum},
	author = {{Google AI}},
	url = {https://ai.google/research/teams/applied-science/quantum/},
	urldate = {2019-09-11},
	year = {2019}
}

@online{intel-quantum,
	title = {Quantum Computing},
	author = {Intel},
	url = {https://www.intel.com/content/www/us/en/research/quantum-computing.html},
	urldate = {2019-09-11},
	year = {2019}
}

@online{microsoft-quantum,
	title = {Quantum Computing},
	author = {Microsoft},
	url = {https://www.microsoft.com/en-us/quantum/},
	urldate = {2019-09-11},
	year = {2019}
}

@article{usa-quantum,
	doi = {10.1088/2058-9565/ab0441},
	url = {https://doi.org/10.1088%2F2058-9565%2Fab0441},
	year = {2019},
	publisher = {{IOP} Publishing},
	volume = {4},
	number = {2},
	pages = {020504},
	author = {Michael G Raymer and Christopher Monroes},
	title = {The {US} National Quantum Initiative},
	journal = {Quantum Science and Technology},
}

@online{china-quantum,
	title = {Quantum Hegemony? {C}hinaâ€™s Ambitions and the Challenge to {U.S.} Innovation Leadership frontier},
	url = {https://www.cnas.org/publications/reports/quantum-hegemony},
	author = {Elsa B Kania and John Costello},
	urldate = {2019-09-16},
	year = {2018}
}

@article{preskill-qc,
	title = {Quantum computing and the entanglement frontier},
	author = {Preskill, John},
	journal = {arXiv preprint arXiv:1203.5813},
	year = {2012}
}
